<Doc xmlns:gs2="http://www.greenstone.org/gs2" file="HASH7c57\5f57a57c\fb45ab00\33s10.dir\doc.xml"  gs2:docOID="HASH7c575f57a57cfb45ab0033s10" gs2:mode="add">

<Sec  gs2:docOID="HASH7c575f57a57cfb45ab0033s10" gs2:mode="add">
&lt;pre&gt;
 LDR 00899cam  2200241 i 4500
001     3666022
005     19910502170622.3
008     770916r1978    enka          000 0 eng  
035    _9 (DLC)   77014950
906    _a 7
       _b cbc
       _c orignew
       _d 1
       _e ocip
       _f 19
       _g y-gencatlg
010    _a    77014950 
020    _a 0140047867
040    _a DLC
       _c DLC
       _d DLC
050 10 _a PN1997.H2593
       _b B4 1978
082 00 _a 791.43/7
245 04 _a The Beatles in Richard Lester's A hard day's night :
       _b a complete pictorial record of the movie /
       _c editor, J. Philip Di Franco ; introd., Andrew
 Sarris.
260    _a Harmondsworth, Eng. ;
       _a New York :
       _b Penguin Books,
       _c 1978, c1977.
300    _a xvi, 297 p. :
       _b ill. ;
       _c 28 cm.
500    _a Reprint of the ed. published by Chelsea House Publishers,
 New York.
630  0 _a Hard day's night. [Motion picture]
700 1  _a Lester, Richard,
       _d 1932-
700 1  _a Di Franco, J. Philip.
710 2  _a Beatles.
&lt;/pre&gt;
 
</Sec>


</Doc>
